@Book{knuth:84,
  author = 	 {Donald E. Knuth},
  title = 	 {The {\TeX} Book},
  publisher = 	 {Addison-Wesley},
  year = 	 {1984},
  edition = 	 {15th}
}

@InCollection{boulic:91,
  author = 	 {R. Boulic and O. Renault},
  title = 	 {3D Hierarchies for Animation},
  booktitle = 	 {New Trends in Animation and Visualization},
  publisher =    {John Wiley {\&} Sons ltd.},
  year = 	 {1991},
  editor = 	 {Nadia Magnenat-Thalmann and Daniel Thalmann}
}

@InCollection{smith:99,
  author = 	 {A. Smith and B. Jones},
  title = 	 {On the Complexity of Computing},
  booktitle = 	 {Advances in Computer Science},
  pages = 	 {555--566},
  publisher =    {Publishing Press},
  ear = 	 {1999},
  editor = 	 {A. B. Smith-Jones}
}

@article{GRUBER1993199,
    title = {A translation approach to portable ontology specifications},
    journal = {Knowledge Acquisition},
    volume = {5},
    number = {2},
    pages = {199-220},
    year = {1993},
    issn = {1042-8143},
    doi = {https://doi.org/10.1006/knac.1993.1008},
    url = {https://www.sciencedirect.com/science/article/pii/S1042814383710083},
    author = {Thomas R. Gruber}
}

@TECHREPORT{Noy01ontologydevelopment,
    author = {Natalya F. Noy and Deborah L. Mcguinness},
    title = {Ontology Development 101: A Guide to Creating Your First Ontology},
    institution = {},
    year = {2001}
}

@article{dey2001conceptual,
  title={A conceptual framework and a toolkit for supporting the rapid prototyping of context-aware applications},
  author={Dey, Anind K and Abowd, Gregory D and Salber, Daniel},
  journal={Human--Computer Interaction},
  volume={16},
  number={2-4},
  pages={97--166},
  year={2001},
  publisher={Taylor \& Francis}
}

@inproceedings{nie2012predicting,
  title={Predicting Mental Health Status in the Context of Web Browsing},
  author={Nie, Dong and Ning, Yue and Zhu, Tingshao},
  booktitle={2012 IEEE/WIC/ACM International Conferences on Web Intelligence and Intelligent Agent Technology},
  volume={3},
  pages={185--189},
  year={2012},
  organization={IEEE}
}

@article{samaha2016relationships,
  title={Relationships among smartphone addiction, stress, academic performance, and satisfaction with life},
  author={Samaha, Maya and Hawi, Nazir S},
  journal={Computers in human behavior},
  volume={57},
  pages={321--325},
  year={2016},
  publisher={Elsevier}
}

@article{alhassan2018relationship,
  title={The relationship between addiction to smartphone usage and depression among adults: a cross sectional study},
  author={Alhassan, Aljohara A and Alqadhib, Ethar M and Taha, Nada W and Alahmari, Raneem A and Salam, Mahmoud and Almutairi, Adel F},
  journal={BMC psychiatry},
  volume={18},
  number={1},
  pages={1--8},
  year={2018},
  publisher={BioMed Central}
}

@article{saikia2019internet,
  title={Internet addiction and its relationships with depression, anxiety, and stress in urban adolescents of Kamrup District, Assam},
  author={Saikia, Anku M and Das, Jahnabi and Barman, Pavel and Bharali, Mintu D},
  journal={Journal of family \& community medicine},
  volume={26},
  number={2},
  pages={108},
  year={2019},
  publisher={Wolters Kluwer--Medknow Publications}
}

@article{dhir2018online,
  title={Online social media fatigue and psychological wellbeingâ€”A study of compulsive use, fear of missing out, fatigue, anxiety and depression},
  author={Dhir, Amandeep and Yossatorn, Yossiri and Kaur, Puneet and Chen, Sufen},
  journal={International Journal of Information Management},
  volume={40},
  pages={141--152},
  year={2018},
  publisher={Elsevier}
}

@article{wang2019association,
  title={The association between mobile game addiction and depression, social anxiety, and loneliness},
  author={Wang, Jin-Liang and Sheng, Jia-Rong and Wang, Hai-Zhen},
  journal={Frontiers in public health},
  volume={7},
  pages={247},
  year={2019},
  publisher={Frontiers}
}